@misc{comanducci2024fakemusiccapsdatasetdetectionattribution,
      title={FakeMusicCaps: a Dataset for Detection and Attribution of Synthetic Music Generated via Text-to-Music Models}, 
      author={Luca Comanducci and Paolo Bestagini and Stefano Tubaro},
      year={2024},
      eprint={2409.10684},
      archivePrefix={arXiv},
      primaryClass={eess.AS},
      url={https://arxiv.org/abs/2409.10684}, 
}

@inproceedings{kim2019audiocaps,
  title={Audiocaps: Generating captions for audios in the wild},
  author={Kim, Chris Dongjoo and Kim, Byeongchang and Lee, Hyunmin and Kim, Gunhee},
  booktitle={Proceedings of the 2019 Conference of the North American Chapter of the Association for Computational Linguistics: Human Language Technologies, Volume 1 (Long and Short Papers)},
  pages={119--132},
  year={2019}
}

@inproceedings{manco2021muscaps,
  title={Muscaps: Generating captions for music audio},
  author={Manco, Ilaria and Benetos, Emmanouil and Quinton, Elio and Fazekas, Gy{\"o}rgy},
  booktitle={2021 International Joint Conference on Neural Networks (IJCNN)},
  pages={1--8},
  year={2021},
  organization={IEEE}
}

@article{agostinelli2023musiclm,
  title={Musiclm: Generating music from text},
  author={Agostinelli, Andrea and Denk, Timo I and Borsos, Zal{\'a}n and Engel, Jesse and Verzetti, Mauro and Caillon, Antoine and Huang, Qingqing and Jansen, Aren and Roberts, Adam and Tagliasacchi, Marco and others},
  journal={arXiv preprint arXiv:2301.11325},
  year={2023}
}

@article{mei2024wavcaps,
  title={Wavcaps: A chatgpt-assisted weakly-labelled audio captioning dataset for audio-language multimodal research},
  author={Mei, Xinhao and Meng, Chutong and Liu, Haohe and Kong, Qiuqiang and Ko, Tom and Zhao, Chengqi and Plumbley, Mark D and Zou, Yuexian and Wang, Wenwu},
  journal={IEEE/ACM Transactions on Audio, Speech, and Language Processing},
  year={2024},
  publisher={IEEE}
}

@inproceedings{devlin2019bert,
  title={Bert: Pre-training of deep bidirectional transformers for language understanding},
  author={Devlin, Jacob and Chang, Ming-Wei and Lee, Kenton and Toutanova, Kristina},
  booktitle={Proceedings of the 2019 Conference of the North American Chapter of the Association for Computational Linguistics: Human Language Technologies, Volume 1 (Long and Short Papers)},
  pages={4171--4186},
  year={2019}
}

@article{wang2019structbert,
  title={Structbert: Incorporating language structures into pre-training for deep language understanding},
  author={Wang, Wei and Bi, Bin and Yan, Ming and Wu, Chen and Bao, Zuyi and Xia, Jiangnan and Peng, Liwei and Si, Luo},
  journal={arXiv preprint arXiv:1908.04577},
  year={2019}
}

@article{raffel2020exploring,
  title={Exploring the limits of transfer learning with a unified text-to-text transformer},
  author={Raffel, Colin and Shazeer, Noam and Roberts, Adam and Lee, Katherine and Narang, Sharan and Matena, Michael and Zhou, Yanqi and Li, Wei and Liu, Peter J},
  journal={Journal of machine learning research},
  volume={21},
  number={140},
  pages={1--67},
  year={2020}
}

@inproceedings{arazo2020pseudo,
  title={Pseudo-labeling and confirmation bias in deep semi-supervised learning},
  author={Arazo, Eric and Ortego, Diego and Albert, Paul and Oâ€™Connor, Noel E and McGuinness, Kevin},
  booktitle={2020 International joint conference on neural networks (IJCNN)},
  pages={1--8},
  year={2020},
  organization={IEEE}
}

@article{xie2023class,
  title={Class-distribution-aware pseudo-labeling for semi-supervised multi-label learning},
  author={Xie, Ming-Kun and Xiao, Jiahao and Liu, Hao-Zhe and Niu, Gang and Sugiyama, Masashi and Huang, Sheng-Jun},
  journal={Advances in Neural Information Processing Systems},
  volume={36},
  pages={25731--25747},
  year={2023}
}

@inproceedings{kong2021opengan,
  title={Opengan: Open-set recognition via open data generation},
  author={Kong, Shu and Ramanan, Deva},
  booktitle={Proceedings of the IEEE/CVF international conference on computer vision},
  pages={813--822},
  year={2021}
}

@article{cortes1995support,
  title={Support-vector networks},
  author={Cortes, Corinna and Vapnik, Vladimir},
  journal={Machine learning},
  volume={20},
  pages={273--297},
  year={1995},
  publisher={Springer}
}

@inproceedings{wolf2020transformers,
  title={Transformers: State-of-the-art natural language processing},
  author={Wolf, Thomas and Debut, Lysandre and Sanh, Victor and Chaumond, Julien and Delangue, Clement and Moi, Anthony and Cistac, Pierric and Rault, Tim and Louf, R{\'e}mi and Funtowicz, Morgan and others},
  booktitle={Proceedings of the 2020 conference on empirical methods in natural language processing: system demonstrations},
  pages={38--45},
  year={2020}
}

@article{reimers2019sentence,
  title={Sentence-bert: Sentence embeddings using siamese bert-networks},
  author={Reimers, Nils and Gurevych, Iryna},
  journal={arXiv preprint arXiv:1908.10084},
  year={2019}
}

@misc{vaswani2023attentionneed,
      title={Attention Is All You Need}, 
      author={Ashish Vaswani and Noam Shazeer and Niki Parmar and Jakob Uszkoreit and Llion Jones and Aidan N. Gomez and Lukasz Kaiser and Illia Polosukhin},
      year={2023},
      eprint={1706.03762},
      archivePrefix={arXiv},
      primaryClass={cs.CL},
      url={https://arxiv.org/abs/1706.03762}, 
}

@misc{afchar2025aigeneratedmusicdetectionchallenges,
      title={AI-Generated Music Detection and its Challenges}, 
      author={Darius Afchar and Gabriel Meseguer-Brocal and Romain Hennequin},
      year={2025},
      eprint={2501.10111},
      archivePrefix={arXiv},
      primaryClass={cs.SD},
      url={https://arxiv.org/abs/2501.10111}, 
}

@misc{hendrycks2018baselinedetectingmisclassifiedoutofdistribution,
      title={A Baseline for Detecting Misclassified and Out-of-Distribution Examples in Neural Networks}, 
      author={Dan Hendrycks and Kevin Gimpel},
      year={2018},
      eprint={1610.02136},
      archivePrefix={arXiv},
      primaryClass={cs.NE},
      url={https://arxiv.org/abs/1610.02136}, 
}

@misc{zhu2023surveyaimusicgeneration,
      title={A Survey of AI Music Generation Tools and Models}, 
      author={Yueyue Zhu and Jared Baca and Banafsheh Rekabdar and Reza Rawassizadeh},
      year={2023},
      eprint={2308.12982},
      archivePrefix={arXiv},
      primaryClass={cs.SD},
      url={https://arxiv.org/abs/2308.12982}, 
}

@misc{doh2023lpmusiccapsllmbasedpseudomusic,
      title={LP-MusicCaps: LLM-Based Pseudo Music Captioning}, 
      author={SeungHeon Doh and Keunwoo Choi and Jongpil Lee and Juhan Nam},
      year={2023},
      eprint={2307.16372},
      archivePrefix={arXiv},
      primaryClass={cs.SD},
      url={https://arxiv.org/abs/2307.16372}, 
}

@misc{mohan2022finetunebert,
  author       = {Neeraj Mohan},
  title        = {Fine-Tuning BERT for Text Classification},
  year         = {2022},
  howpublished = {\url{https://www.kaggle.com/code/neerajmohan/fine-tuning-bert-for-text-classification}},
  note         = {Accessed: 2025-06-26}
}

@INPROCEEDINGS{7952261,
  author={Gemmeke, Jort F. and Ellis, Daniel P. W. and Freedman, Dylan and Jansen, Aren and Lawrence, Wade and Moore, R. Channing and Plakal, Manoj and Ritter, Marvin},
  booktitle={2017 IEEE International Conference on Acoustics, Speech and Signal Processing (ICASSP)}, 
  title={Audio Set: An ontology and human-labeled dataset for audio events}, 
  year={2017},
  volume={},
  number={},
  pages={776-780},
  keywords={Ontologies;Birds;Music;Taxonomy;Labeling;Audio event detection;sound ontology;audio databases;data collection},
  doi={10.1109/ICASSP.2017.7952261}}

@article{article,
author = {Wei, Shengyun and Zou, Shun and Liao, Feifan and Lang, Weimin},
year = {2020},
month = {01},
pages = {012085},
title = {A Comparison on Data Augmentation Methods Based on Deep Learning for Audio Classification},
volume = {1453},
journal = {Journal of Physics: Conference Series},
doi = {10.1088/1742-6596/1453/1/012085}
}

@ARTICLE{9324926,
  author={Fernando, K. Ruwani M. and Tsokos, Chris P.},
  journal={IEEE Transactions on Neural Networks and Learning Systems}, 
  title={Dynamically Weighted Balanced Loss: Class Imbalanced Learning and Confidence Calibration of Deep Neural Networks}, 
  year={2022},
  volume={33},
  number={7},
  pages={2940-2951},
  keywords={Training;Calibration;Heuristic algorithms;Task analysis;Neurons;Boosting;Learning systems;Confidence calibration;convolutional neural networks (CNNs);cost-sensitive learning;data imbalance;loss functions},
  doi={10.1109/TNNLS.2020.3047335}}